% references.bib for MA2500

@article{Einstein05,
    author = {Einstein, Albert},
    title = {{\"{U}ber die von der molekularkinetischen Theorie der W\"{a}rme geforderte Bewegung von in ruhenden Fl\"{u}ssigkeiten suspendierten Teilchen}},
    journal = {Annalen der Physik},
    volume = {322},
    number = {8},
    pages = {549--560},
    year = {1905}
    url = {http://doi.wiley.com/10.1002/andp.19053220806},
    doi = {10.1002/andp.19053220806},
}

@book{Abramowitz1964,
    author = {Abramowitz, Milton and Stegun, Irene A.},
    isbn = {0486612724},
    publisher = {Courier Dover Publications},
    title = {{Handbook of Mathematical Functions: With Formulas, Graphs, and Mathematical Tables}},
    year = {1964}
}

@misc{Austin,
    author = {Austin, David and Keshet, Leah and Sjerve, Denis},
    title = {The Logistic Equation and Integration by Partial Fractions},
    url = {http://www.ugrad.math.ubc.ca/coursedoc/math101/notes/moreApps/logistic.html},
    urldate = {23/01/14}
}

@misc{video_ex3.7_qu3,
    author = {dimbyd},
    title = {Discussion of Exercise 3.7 Question 3},
    url = {http://www.youtube.com/xyz7s24q}
}

